1375 1923
355 274 374 288 VI

387 349 390 355 ,
420 332 525 352 Historiam
538 332 605 352 decem
622 337 722 357 annorum,
741 337 800 357 quam
818 337 869 352 nune
886 331 958 357 publici
976 332 1023 352 iuris
1041 331 1119 356 rodinus,

359 370 457 390 scrihebat
469 370 588 390 Wielewieki
602 376 626 390 eo
639 372 730 395 tempore,
744 375 783 395 quo
797 370 882 389 secunda
894 370 935 391 vice
944 370 1051 395 Praepositi
1060 375 1121 389 munus

358 408 377 427 in
391 408 453 428 Domo
466 407 556 427 Professa
570 407 595 427 ad
609 407 627 427 S,
641 407 749 428 Basharam
763 407 838 432 agebat,
852 407 966 427 Craooviam
980 407 998 427 d.
1014 407 1039 426 10
1049 410 1122 432 sepiem-

358 446 398 465 bris
412 445 464 465 1629
480 445 578 465 Posnania
592 450 687 470 reversus,
700 445 763 470 ibique
777 447 909 465 commoratus
924 450 986 470 unq-ue
1000 444 1027 464 ad
1040 451 1057 465 a.
1072 444 1122 469 1633,

361 483 413 508 quod
427 482 482 503 facile
496 483 574 508 probari
588 484 656 508 potest.
1054 503 1058 507 .

423 520 510 540 Nar-rans
523 521 575 540 enim
588 520 670 540 Beatum
683 520 778 540 Joannem
791 520 934 540 Berchmanum
950 520 969 540 S.
983 520 1000 540 J.
1014 526 1031 540 a.
1046 520 1095 539 1621
1108 519 1122 539 d.

359 558 384 577 13
397 558 440 582 julii
453 558 505 578 diem
519 558 589 578 obiisse
602 563 719 583 supremum,
733 560 874 578 conmemorat
887 558 948 577 vitam
958 557 1058 583 quandam
1071 558 1123 582 ipsius

359 596 475 620 Antverpiae
490 601 541 615 anno
556 595 608 614 1630
622 595 699 615 editam.
713 595 804 620 Idemque
815 601 931 615 enumerans
944 595 1060 615 Sacerdotes
1073 595 1091 615 S
1105 594 1124 620 J,

359 634 391 658 qui
410 634 429 653 in
447 633 530 658 Japonia
548 633 578 653 die
598 633 623 652 10
641 634 717 657 augusti
736 633 788 652 1622
806 634 921 658 martyrium
935 639 972 658 pro
986 633 1065 653 Christo
1078 632 1123 658 passi

359 673 409 695 sunt,
422 670 489 690 laudat
499 671 558 690 vitam
568 670 631 691 Caroli
643 671 738 696 Spinolae,
752 671 869 696 Antverpiae
884 670 936 690 1630
945 670 1022 691 editam.
1037 671 1075 690 Res
1084 675 1123 690 vero

358 710 421 733 gestas
440 709 485 728 anni
507 708 561 727 1625
576 708 617 728 'non
636 708 696 728 fuisse
714 709 834 733 conscriptas
852 709 887 728 nisi
902 714 953 728 auno
968 708 1026 733 1633,
1039 710 1091 733 patet
1103 713 1123 727 ex

359 746 428 770 verbis,
441 751 492 770 quae
506 745 607 770 leguntur:
627 752 689 765 »anno
704 745 756 765 1633
770 746 896 765 videbimus«.

423 783 468 803 Jam
487 789 532 803 vero
552 784 608 803 annis
627 783 773 802 1620-1622
792 784 854 808 prima
872 784 914 803 vice
927 783 1047 804 Wielewicki
1061 788 1124 803 munm

359 821 465 846 Praepositi
486 821 559 841 Domus
578 821 678 841 Professae
692 821 718 840 ad
732 821 751 841 S.
765 821 873 841 Bas-haram
886 821 989 841 exercebat
1002 821 1089 849 hancque
1101 820 1121 840 ob

360 864 441 878 causam
454 859 531 884 saepius
545 859 581 883 Ipsi
596 859 626 878 sui
639 859 712 878 mentio
722 858 810 878 facienda
819 859 890 878 eratin
900 859 937 878 hoc
946 858 1044 878 fasciculo.
1058 857 1122 878 Deinde
1138 852 1141 873 ἕ

362 902 407 916 vero
422 902 472 916 anno
488 896 539 915 1622
560 896 579 915 111
593 896 743 920 Congregatione
759 896 871 921 provinciali
887 896 1003 916 Procurator
1019 896 1122 916 Provinciae
1135 887 1141 930 ἕ

362 933 438 958 electus,
453 934 483 953 die
506 934 530 952 12
543 933 593 957 junii
607 933 691 953 Romam
705 939 725 953 se
740 934 820 953 contulit
833 940 878 953 cum
892 934 911 953 P.
925 934 1024 954 Matthaeo
1040 934 1122 953 Zberow-
1134 933 1141 958 ³-

361 971 397 996 ski,
410 977 468 996 quem
482 972 555 990 socium
569 971 642 991 itineris
654 971 739 991 habebat
751 972 875 996 assignatum.
885 971 922 991 lter
931 971 1042 991 Romanum
1056 976 1123 996 aggres·

362 1015 394 1028 sus
408 1011 438 1028 est
451 1009 481 1028 die
496 1008 508 1028 5
522 1010 620 1033 sequentis
628 1010 704 1033 mensis,
719 1015 757 1033 quo
771 1011 857 1034 tempore
872 1010 931 1034 pestis
944 1009 1070 1034 grassabatur
1083 1009 1122 1029 Cra-

362 1047 434 1071 coviae‚
449 1046 468 1066 P.
483 1046 604 1071 sigismundo
618 1046 694 1066 Obricio
708 1047 784 1066 interim
798 1047 849 1066 vices
861 1047 902 1066 eius
914 1047 1006 1072 explente.
1020 1047 1057 1071 Qui
1066 1049 1123 1066 tamen
1135 1048 1141 1052 '

362 1086 415 1109 peste
430 1084 522 1109 abreptus
535 1086 569 1108 est,
583 1087 687 1109 antequam
707 1084 826 1107 Wielewieki
845 1090 911 1104 mense
927 1085 1018 1108 januario
1036 1079 1139 1109 sequentis*

362 1122 407 1141 anni
421 1120 489 1147 (1623)
498 1121 563 1141 Roma
579 1122 655 1146 rediret,
668 1127 727 1146 quam
742 1122 766 1141 oh
784 1127 825 1141 rem
839 1122 858 1141 P.
872 1122 981 1141 Matthaeus
993 1122 1077 1142 Bembus
1089 1127 1124 1141 mu¹
1139 1141 1141 1143 .

362 1165 399 1179 nus
419 1159 525 1184 Praepositi
546 1159 620 1179 Domus
640 1159 666 1178 ad
686 1165 700 1178 s.
723 1159 830 1178 Barbaram
851 1165 886 1184 per
904 1161 1005 1184 sequent&
1019 1162 1059 1179 irae
1072 1163 1127 1179 annm

362 1198 452 1221 suscepit„
466 1197 584 1216 Wielewicki
603 1198 669 1216 autem
689 1196 767 1216 Soeium
782 1197 802 1216 P.
816 1197 940 1216 Provincialis
954 1197 1028 1221 Georgii
1042 1197 1131 1222 Tyszkie-

365 1234 412 1254 wicz
430 1236 450 1253 et
468 1234 602 1254 Consultorem
621 1234 733 1254 Provinciae
747 1234 822 1258 agebat,
842 1234 903 1254 donec
918 1240 935 1254 a.
950 1234 1002 1254 1625
1016 1234 1130 1254 Pomaniam

363 1272 475 1292 mitteretur.
490 1272 517 1291 Ibi
535 1271 622 1291 Rectoris
641 1271 717 1296 Collegii
739 1277 819 1291 munere
834 1271 919 1296 fungens⁷
934 1277 994 1296 usque
1009 1272 1035 1291 ad
1049 1278 1066 1292 a.
1081 1271 1130 1291 1620

365 1310 462 1329 remansit

428 1347 456 1366 De
470 1347 558 1370 sontibus,
572 1347 642 1371 quibus
656 1347 774 1366 Wielewicki
789 1348 807 1366 in
822 1347 963 1367 conseribendis
977 1347 1081 1366 annalibus
1094 1347 1133 1367 suis

365 1391 411 1404 usus
425 1387 459 1409 est,
473 1385 513 1404 iam
527 1385 545 1403 in
560 1385 646 1409 proemio
661 1385 710 1404 tertii
725 1384 811 1404 fasciculi
826 1385 881 1410 plura
892 1385 1094 1409 commemoravimus,
1103 1384 1133 1405 hie

365 1428 415 1442 nova
429 1422 526 1447 quaedam
544 1422 681 1446 subiungimus.
698 1422 787 1442 Ciiantur
800 1423 856 1447 igitur
870 1423 889 1441 in
906 1422 998 1442 fasciculo
1012 1422 1050 1442 hoc
1063 1424 1134 1448 quarto

366 1460 450 1479 nonnulli
471 1460 503 1479 alii
524 1459 586 1479 fomes
606 1460 737 1484 manuscripti,
757 1465 840 1484 quorum
860 1461 913 1485 prius
927 1460 1044 1480 mentionem
1057 1466 1097 1480 uon
1106 1459 1134 1481 fe-

365 1499 424 1522 cerat,
438 1503 506 1522 nempe
520 1499 604 1521 quatuor
617 1498 708 1517 historiae
718 1497 852 1522 Collegiorum:
869 1497 993 1522 Calissiensis,
1008 1497 1134 1523 Luhlineuas,

366 1534 501 1554 Posnaniensis
515 1537 533 1554 et
547 1535 684 1559 Varsaviensis,
699 1541 771 1559 omnes,
785 1535 834 1560 proh
849 1535 910 1554 dolor!
919 1535 1020 1559 naufragio
1030 1535 1072 1560 isto,
1082 1534 1135 1561 quod

365 1572 451 1592 Societas
465 1578 515 1592 anno
530 1572 581 1591 1773
596 1578 654 1597 passa
668 1574 702 1597 est,
716 1572 825 1592 destructae
839 1572 868 1592 vel
882 1573 951 1592 saltem
967 1573 1087 1598 submersae,
1100 1579 1141 1604 ex-¹

366 1611 423 1636 cepta
437 1615 475 1629 una
490 1610 569 1630 historia
583 1610 661 1635 Collegii
672 1610 812 1635 Posnaniensis,
820 1616 870 1635 quae
880 1610 963 1630 interitui
973 1610 1053 1631 feliciter
1062 1613 1133 1638 erepta,

1139 1693 1141 1705 4
