1375 1923
664 216 702 240 461

248 278 297 303 dalej
313 279 341 298 mi
355 286 368 298 o
383 282 424 304 tym
439 279 564 298 inkviirowad
578 280 610 298 nie
624 279 685 301 kazal.
701 282 788 304 przetom
803 283 833 298 (εὶ
845 280 865 305 ja
880 280 946 305 wiecej
962 280 989 304 sie
1004 280 1042 300 nad
1057 280 1122 299 rozka-
1134 281 1190 302 AKr

250 312 301 330 :anie
316 311 331 335 I.
347 312 371 330 Κ.
386 312 424 330 Mei
440 312 470 330 uie
485 311 606 337 domyslajqc
620 313 650 330 ani
667 318 690 330 na
705 318 781 336 samym
797 311 882 331 Oscziku
896 313 927 331 ani
942 319 966 331 na
981 313 1062 337 slugacli
1077 313 1125 337 jego

251 343 319 368 dalszej
334 344 463 369 inkwizycyej
478 351 491 362 o
505 348 547 368 tym
563 345 594 362 nie
609 345 694 368 czyniac,
714 350 737 362 co
755 344 802 368 jeno
817 345 876 369 przed
889 345 979 368 urzedem
999 351 1053 369 mym
1073 345 1125 369 hylo,

251 376 328 395 ostatka
342 382 388 400 prze
403 377 495 395 dawnos‘e
509 383 566 395 czasu
580 377 611 395 nie
622 377 718 400 pomffiqe,
728 377 855 395 s‘wiadectwo
865 377 947 395 dawam.

313 407 364 426 Huic
383 409 495 427 testimonio
510 408 537 427 In
546 415 555 427 s
563 412 571 427 t
579 410 584 427 i
592 415 605 433 g
613 415 624 427 a
632 412 659 427 to
668 415 676 426 r
690 409 737 427 Mtis
751 408 769 427 R
787 409 875 427 adiunxit
886 415 924 427 non
935 409 1023 428 dubitare
1038 415 1065 430 se.
1080 409 1124 433 quin

253 439 300 459 mas
319 440 342 458 R.
359 441 451 459 memoria
473 444 545 463 teneat,
566 441 667 465 quomodo
689 441 773 465 ipsemet
794 440 865 459 Osczik
886 441 991 460 damnatus
1011 441 1125 466 perditionis

254 472 334 492 misisset
348 473 373 491 ad
388 473 411 491 R.
426 473 487 492 Mtem
503 477 578 497 petens,
593 477 613 492 ut
628 473 687 492 fidum
703 473 786 497 aliquem
797 473 897 492 hominem
908 474 933 493 ad
943 480 964 492 se
974 475 1067 496 mitteret,
1082 479 1125 492 esse

254 505 305 527 enim,
327 511 378 529 quae
393 505 427 524 Mti
442 505 465 524 R.
480 512 515 530 per
534 512 578 523 eum
599 509 689 524 constare
709 505 773 524 vellet.
802 505 861 529 Quod
876 512 920 524 cum
935 506 987 524 Mtas
1003 506 1027 524 R.
1041 505 1125 528 fecisset,

255 536 370 561 significasse
381 537 438 560 illum,
453 537 557 556 Moschum
567 538 593 556 ad
602 537 712 556 Samuelem
724 539 782 556 etiam
794 541 814 556 et
824 538 985 562 Christopherum
996 538 1125 556 Zborowskie

256 567 324 594 litteras
334 569 412 588 dedisse
422 576 465 588 cum
475 569 551 594 illisque
562 570 642 588 consiliu
658 570 754 594 quaedam
769 571 860 595 agitasse,
875 571 927 594 quod
943 574 983 589 tum
994 570 1125 589 renuntiatum

257 599 285 620 Mti
300 601 325 620 R.
342 602 430 626 plerique
445 603 503 621 etiam
514 606 621 626 senatores,
636 603 668 626 qui
679 602 708 621 hi:
719 603 794 623 adsunt.
810 603 904 621 audierint
915 606 935 621 et
945 603 1019 626 optime
1030 602 1125 621 habereut

255 634 355 658 cognitum.
372 634 450 653 Fecisse
461 635 519 653 etiam
535 638 575 653 tum
591 634 662 653 Osczik
677 636 796 653 mentionem
811 635 918 654 litterarum
933 635 958 654 ad
973 641 997 653 m.
1011 635 1081 653 ducem
1092 634 1125 653 Pa-

253 663 301 684 latini
316 665 446 690 Syradiensis,
468 667 491 685 de
508 667 578 691 quibus
593 667 623 685 hic
641 667 692 686 ultro
711 668 734 686 R.
749 667 810 686 Mtem
830 668 933 686 certiorem
951 667 1019 686 fecerit
1038 667 1125 685 easdem-

250 702 285 721 que
301 697 377 717 litteras
392 698 414 717 R.
429 698 465 717 Mti
480 705 515 723 per
531 699 608 718 Mficuni
627 699 693 718 Duum
712 699 838 718 Eustachium
859 699 971 721 Woiowicz,
992 699 1125 718 Castellanum

248 727 375 751 Trocensem.
390 730 449 749 immo
464 731 576 750 Vilnensem
596 735 615 750 et
631 731 656 750 M.
671 731 695 750 D.
710 731 748 750 Livi
763 731 910 753 cancellarium.
929 732 962 756 qui
981 731 1012 750 hic
1032 737 1125 756 praesens

244 762 302 784 adsit,
318 761 431 781 reddiderit.

313 794 349 812 De
370 793 498 814 Samuelis
519 795 635 814 fassione
655 796 683 814 ab
704 796 730 814 ΙΙΙ.
746 799 765 821 et
785 796 842 814 Mfico
862 796 959 820 joanne
981 796 1125 820 Zamoyski,

242 824 313 851 Regni
329 833 422 851 supremo
438 827 559 846 Cancellario
574 832 593 846 et
607 828 694 853 generali
708 828 829 847 exercituum
844 834 880 846 nec
890 834 929 847 non
940 828 1071 850 Cracoviensi,
1086 828 1125 847 Ma-

243 858 385 884 rienburgensi
404 862 441 878 etc.
461 860 569 884 capitaneo,
591 866 743 884 responsum
763 860 788 878 illi
807 859 851 879 suit:
873 861 930 879 certis
950 861 973 878 de
992 861 1055 879 causis
1075 860 1125 879 illam

245 890 394 909 consessionem
406 892 454 910 actis
464 893 550 911 nondum
559 892 616 911 fuisse
626 893 723 912 insertam,
734 893 819 911 maxime
829 893 882 916 quod
893 892 917 911 ad
927 892 950 911 R.
962 893 1029 913 Mtem,
1043 893 1061 910 in
1072 893 1126 911 cuius

244 923 320 941 deinde
335 927 435 947 potestate
451 924 534 943 futurum
550 924 612 943 suerat
627 925 724 943 actionem
740 930 783 943 eam
799 931 878 943 morere
894 924 924 942 vel
939 931 984 946 non,
999 928 1018 943 et
1032 925 1057 943 ad
1072 931 1126 943 sena-

245 959 289 974 tum
309 955 436 974 deserendam
458 963 480 975 ac
502 956 572 975 deinde
592 963 617 975 ex
633 956 655 975 R.
670 957 716 975 Mtis
736 957 842 975 voluntatis
864 960 935 975 eventu
957 956 988 975 vel
1003 957 1125 975 inserendam

246 993 291 1006 eam
307 987 338 1006 ve!
353 994 392 1006 non
407 989 521 1011 statuissct;
535 989 612 1007 interim
627 989 751 1007 nihilominus
765 995 827 1013 penes
842 992 886 1007 acta
899 995 942 1007 eam
953 995 973 1007 sc
985 989 1090 1012 reliquisse.
1106 992 1126 1007 ut

247 1026 328 1044 semper
343 1020 362 1038 in
377 1020 407 1038 illa
421 1020 493 1039 referre
508 1027 551 1039 cam
568 1021 663 1045 integrum
680 1025 737 1039 essct.
753 1021 851 1043 Ceterum,
862 1021 914 1045 quod
926 1025 970 1039 anie
981 1021 1039 1039 etium
1050 1021 1126 1042 dixerit,

247 1058 292 1071 esse
308 1053 421 1077 complures
436 1054 487 1072 viros
502 1054 582 1076 nobiles,
598 1054 630 1077 qui
645 1054 783 1074 interfuissent,
799 1059 841 1071 cum
857 1060 868 1071 a
883 1053 973 1071 Samuele
988 1054 1025 1072 ista
1040 1054 1125 1072 diceren-

247 1088 285 1107 tur,
300 1091 345 1104 esse
359 1085 442 1104 officium
458 1092 513 1104 suum
529 1086 616 1107 iuratum,
632 1092 653 1104 se
667 1086 751 1110 denique
766 1086 829 1110 ipsum
844 1085 893 1104 illius
908 1085 949 1108 loci,
969 1085 1000 1104 ubi
1015 1085 1063 1104 haec
1083 1088 1126 1104 acta

248 1120 300 1140 sunt,
316 1118 445 1141 capitaneum.
459 1119 513 1136 cuius
528 1117 575 1136 fides
590 1119 608 1136 in
623 1118 703 1136 dubium
719 1119 783 1136 vocari
798 1124 836 1136 non
853 1118 920 1141 possit.

315 1148 371 1173 Quae
392 1153 521 1174 posteaquam
544 1150 582 1169 hoc
603 1151 663 1169 modo
685 1154 750 1169 essent
771 1153 820 1172 acta,
841 1149 859 1168 S.
874 1150 939 1168 Mtns
959 1150 982 1168 R.
997 1156 1050 1168 cum
1070 1156 1126 1168 con-

249 1182 362 1200 siliariis
376 1181 430 1200 lateri
450 1182 496 1200 Mtis
511 1182 561 1200 Suae
583 1183 713 1201 assidentibus
735 1182 822 1200 Sabbato
843 1183 887 1205 ipso
908 1181 939 1200 die
959 1181 977 1200 S.
993 1181 1126 1205 Appolloniae

249 1213 337 1238 Virginis
351 1214 374 1238 (9
390 1213 498 1235 Fcbmm'tf
510 1220 553 1232 cuni
569 1214 733 1233 animadverteret
749 1215 791 1238 ipse
805 1218 824 1232 et
841 1215 942 1232 universus
956 1217 1035 1232 senatus
1052 1213 1127 1232 litteras

249 1247 305 1265 citati
327 1245 461 1270 Christopheri
483 1246 602 1268 Zborowski.
627 1253 676 1271 quae
696 1247 715 1265 in
735 1246 805 1265 iudicio
827 1245 915 1270 prolatae
935 1250 954 1264 et
969 1252 980 1264 a
995 1246 1053 1264 fratre
1073 1246 1126 1264 citati

250 1278 330 1302 agnitae
349 1282 420 1300 essent,
443 1279 481 1297 vim
503 1278 631 1297 consessionis
650 1282 670 1297 et
689 1279 744 1297 vivae
764 1279 817 1297 vocis
832 1278 926 1298 obtinere.
941 1278 959 1296 in
974 1277 1011 1296 illis
1026 1284 1072 1296 vero
1087 1284 1125 1296 non

250 1310 313 1328 solum
328 1310 414 1329 convicia
429 1314 449 1329 et
464 1310 567 1329 maledicta
584 1311 601 1329 in
618 1311 640 1329 R*
655 1311 722 1333 Mtcm,
737 1311 772 1329 sed
787 1311 845 1329 etiam
860 1310 941 1329 consilia
959 1313 978 1328 et
998 1310 1127 1334 conspiratio-

250 1349 295 1361 ncm
311 1348 333 1361 ac
348 1342 511 1361 maehin.=tionc1u
527 1343 544 1361 in
560 1344 619 1361 vitum
635 1346 654 1361 et
669 1344 751 1361 suarem
769 1348 792 1361 ac
807 1343 921 1366 dignitatem
942 1342 1001 1365 ipsius
1019 1342 1065 1361 Mtis
1084 1348 1126 1366 per-

250 1375 409 1399 turbandumque
432 1378 505 1393 statum
531 1374 598 1399 Rpcae
622 1375 694 1393 factam
718 1375 818 1396 contineri,
844 1378 885 1393 tum
909 1380 956 1392 vero
976 1374 1029 1398 quod
1053 1375 1125 1392 crimen

251 1407 303 1425 aliud
318 1408 453 1430 gravissimum
469 1407 577 1429 accederet,
592 1407 644 1431 quod
660 1408 730 1426 cit-ntus
745 1412 826 1431 operam
843 1412 897 1424 suam
913 1406 1043 1424 infensissimo
1058 1406 1126 1430 Rpcae

250 1439 303 1458 hosti
317 1439 401 1457 Moscho
420 1439 456 1458 sub
475 1439 520 1458 belli
539 1442 617 1464 tempus
638 1440 755 1460 addixisset.
774 1439 876 1462 pecuniam
895 1438 920 1457 ab
940 1444 963 1457 co
983 1439 1092 1462 accepisset
1106 1441 1126 1457 et

251 1472 360 1490 iuramento
377 1471 433 1490 fidem
449 1471 473 1489 illi
488 1477 542 1490 suam
558 1471 700 1493 obstrinxisset,
720 1477 770 1495 quae
790 1471 855 1489 omnia
874 1471 991 1489 testimoniis
1006 1471 1126 1494 gravissimis

251 1507 271 1522 et
285 1503 436 1522 evidentissimis
450 1506 519 1522 contra
534 1502 585 1521 illum
601 1506 645 1522 sunt
657 1503 745 1527 probata,
760 1503 804 1521 idco
817 1502 985 1521 consentientibus
1000 1502 1018 1520 in
1033 1502 1051 1520 id
1066 1502 1126 1520 omni-

251 1535 287 1554 bus
302 1541 383 1560 prorsus
397 1535 520 1554 senatoribus
539 1536 683 1554 decernere
703 1535 806 1559 dignita
825 1538 863 1553 est
883 1534 1009 1559 decrevitque
1029 1535 1126 1553 evasio-

252 1574 306 1587 nem
321 1568 387 1590 citato,
403 1574 460 1592 quam
476 1568 561 1592 petebat,
577 1568 601 1586 de
615 1568 654 1585 iure
669 1567 778 1586 concedi
793 1567 819 1585 uti
834 1567 853 1585 in
867 1573 887 1585 re
903 1567 1005 1585 manifesta
1015 1571 1036 1585 et
1046 1566 1125 1585 crimine
